<record><leader>00000cas a2200000 a 4500</leader><controlfield tag="001">11154649</controlfield><controlfield tag="008">840914d19191976ksuwr ne      0   a0eng d</controlfield><controlfield tag="009">3789</controlfield><datafield ind1=" " ind2=" " tag="010"><subfield code="a">sn 84029741 </subfield></datafield><datafield ind1=" " ind2=" " tag="040"><subfield code="a">KSH</subfield><subfield code="b">eng</subfield><subfield code="c">KSH</subfield><subfield code="d">NPT</subfield><subfield code="d">DLC</subfield><subfield code="d">OCL</subfield></datafield><datafield ind1=" " ind2=" " tag="042"><subfield code="a">msc</subfield></datafield><datafield ind1="0" ind2="4" tag="245"><subfield code="a">The Holyrood gazette.</subfield></datafield><datafield ind1=" " ind2=" " tag="260"><subfield code="a">Holyrood, Kan. :</subfield><subfield code="b">[John Russman],</subfield><subfield code="c">1919-1976.</subfield></datafield><datafield ind1=" " ind2=" " tag="300"><subfield code="a">57 v. :</subfield><subfield code="b">ill. ;</subfield><subfield code="c">50-56 cm.</subfield></datafield><datafield ind1=" " ind2=" " tag="310"><subfield code="a">Weekly</subfield></datafield><datafield ind1="0" ind2=" " tag="362"><subfield code="a">Vol. 1, no. 1 (Feb. 14, 1919)-v. 57, no. 37 (Oct. 13, 1976).</subfield></datafield><datafield ind1=" " ind2=" " tag="515"><subfield code="a">Numbering is irregular; suspended with Apr. 15, 1920 issue; resumed with June 23, 1921 issue.</subfield></datafield><datafield ind1=" " ind2=" " tag="580"><subfield code="a">Continued by: Ellsworth reporter during suspension.</subfield></datafield><datafield ind1=" " ind2=" " tag="752"><subfield code="a">United States</subfield><subfield code="b">Kansas</subfield><subfield code="c">Ellsworth</subfield><subfield code="d">Holyrood.</subfield></datafield><datafield ind1="0" ind2="7" tag="785"><subfield code="t">Bushton news</subfield><subfield code="w">(DLC)sn 84029716</subfield></datafield><datafield ind1="0" ind2="7" tag="785"><subfield code="t">Holyrood gazette and the Bushton news</subfield><subfield code="w">(DLC)sn 84029742</subfield></datafield><datafield ind1="1" ind2=" " tag="787"><subfield code="t">Ellsworth reporter</subfield><subfield code="w">(DLC)sn 82014111</subfield></datafield></record>